@book{hung,
  title={Algebra},
  author={Hungerford, Thomas W},
  volume={73},
  year={2012},
  publisher={Springer Science \& Business Media}
}

@book{rotman2012introduction,
  title={An introduction to the theory of groups},
  author={Rotman, Joseph J},
  volume={148},
  year={2012},
  publisher={Springer Science \& Business Media}
}